@misc{membw-i7-3960x,
        Author = {Intel},
        Title = {Intel Core i7-3960X Processor Extreme Edition},
        Year = {2012},
        URL = {http://ark.intel.com/products/63696/Intel-Core-i7-3960X-Processor-Extreme-Edition-(15M-Cache-up-to-3_90-GHz)}
}
@misc{membw-i7-2700k,
        Author = {Intel},
        Title = {Intel Core i7-2700K Processor},
        Year = {2012},
        URL = {http://ark.intel.com/products/61275/Intel-Core-i7-2700K-Processor-(8M-Cache-up-to-3_90-GHz)}
}
@misc{membw-radeonhd-7970,
        Author = {Wikipedia},
        Title = {Southern Islands (GPU family): Chipset table, Radeon HD 7970},
        Year = {2012},
        URL = {http://en.wikipedia.org/wiki/Southern_Islands_(GPU_family)#Chipset_table}
}
@misc{membw-geforce-gtx680,
        Author = {Wikipedia},
        Title = {Comparison of Nvidia graphics processing units: GeForce 600 Series, GeForce GTX 680},
        Year = {2012},
        URL = {http://en.wikipedia.org/wiki/Comparison_of_Nvidia_graphics_processing_units#GeForce_600_Series}
}
@misc{memlat-i7,
        Author = {The Tech Report},
        Title = {Memory subsystem performance},
        Year = {2011},
        URL = {http://techreport.com/articles.x/20188/5}
}
@misc{memlat-nvidia,
        Author = {Steve Rennich and NVIDIA Corporation},
        Title = {Fundamental Optimizations: Global Memory},
        Year = {2011},
        URL = {http://www.stanford.edu/dept/ICME/docs/seminars/Rennich-2011-04-25.pdf}
}
