@manual{wddm,
        Author = {Microsoft},
        Title = {Windows Vista Display Driver Model (WDDM) Reference},
        Year = {2006},
        URL = {http://msdn.microsoft.com/en-us/library/windows/hardware/ff570595(v=vs.85).aspx}
}
@manual{umd-ddi,
        Author = {Microsoft},
        Title = {User-Mode Display Driver Functions},
        Year = {2006},
        URL = {http://msdn.microsoft.com/en-us/library/windows/hardware/ff570118(v=VS.85).aspx}
}
